@BOOK{gost34601,
	key = {ГОСТ},
	title = "ГОСТ 34.601-90. Автоматизированные системы.
	Стадии создания.",
	address = "М.",
	publisher = "Изд-во стандартов",
	year = 1997,
	language = "russian"
}

@online{marks,
	author = "Академик",
	title = "Трудоёмкость",
	year = "2015",
	url = "http://dic.academic.ru/dic.nsf/bse/141470/Трудоёмкость",
	urldate = "05.04.2015",
	language = "russian"
}