@ARTICLE{tag,
  author = {Список авторов},
  title = {Название статьи},
  year = {год},
  journal = {Название журнала},
  language = "russian"
}

@BOOK{GOST7184,
	key = {ГОСТ},
	title = "ГОСТ 7.1.-84. Библиографическое описание документа.
	Общие требования и правила составления.
	--- Взамен ГОСТ 7.1.-76; Введ. 01.01.86.",
	address = "М.",
	publisher = "Изд-во стандартов",
	year = 1984,
	numpages = 78,
	language = "russian"
}

@BOOK{gost34601,
	key = {ГОСТ},
	title = "ГОСТ 34.601-90. Автоматизированные системы.
	Стадии создания.",
	address = "М.",
	publisher = "Изд-во стандартов",
	year = 1997,
	language = "russian"
}